@article{Pardias2018,
  doi = {10.1038/s41588-018-0059-2},
  url = {https://doi.org/10.1038/s41588-018-0059-2},
  year = {2018},
  month = feb,
  publisher = {Springer Science and Business Media {LLC}},
  volume = {50},
  number = {3},
  pages = {381--389},
  author = {Antonio F. Pardi{\~{n}}as and   and Peter Holmans and Andrew J. Pocklington and Valentina Escott-Price and Stephan Ripke and Noa Carrera and Sophie E. Legge and Sophie Bishop and Darren Cameron and Marian L. Hamshere and Jun Han and Leon Hubbard and Amy Lynham and Kiran Mantripragada and Elliott Rees and James H. MacCabe and Steven A. McCarroll and Bernhard T. Baune and Gerome Breen and Enda M. Byrne and Udo Dannlowski and Thalia C. Eley and Caroline Hayward and Nicholas G. Martin and Andrew M. McIntosh and Robert Plomin and David J. Porteous and Naomi R. Wray and Armando Caballero and Daniel H. Geschwind and Laura M. Huckins and Douglas M. Ruderfer and Enrique Santiago and Pamela Sklar and Eli A. Stahl and Hyejung Won and Esben Agerbo and Thomas D. Als and Ole A. Andreassen and Marie B{\ae}kvad-Hansen and Preben Bo Mortensen and Carsten B{\o}cker Pedersen and Anders D. B{\o}rglum and Jonas Bybjerg-Grauholm and Srdjan Djurovic and Naser Durmishi and Marianne Gi{\o}rtz Pedersen and Vera Golimbet and Jakob Grove and David M. Hougaard and Manuel Mattheisen and Espen Molden and Ole Mors and Merete Nordentoft and Milica Pejovic-Milovancevic and Engilbert Sigurdsson and Teimuraz Silagadze and Christine S{\o}holm Hansen and Kari Stefansson and Hreinn Stefansson and Stacy Steinberg and Sarah Tosato and Thomas Werge and David A. Collier and Dan Rujescu and George Kirov and Michael J. Owen and Michael C. O'Donovan and James T. R. Walters and},
  title = {Common schizophrenia alleles are enriched in mutation-intolerant genes and in regions under strong background selection},
  journal = {Nature Genetics}
}

@article{Xue2018,
  doi = {10.1038/s41467-018-04951-w},
  url = {https://doi.org/10.1038/s41467-018-04951-w},
  year = {2018},
  month = jul,
  publisher = {Springer Science and Business Media {LLC}},
  volume = {9},
  number = {1},
  author = {Angli Xue and   and Yang Wu and Zhihong Zhu and Futao Zhang and Kathryn E. Kemper and Zhili Zheng and Loic Yengo and Luke R. Lloyd-Jones and Julia Sidorenko and Yeda Wu and Allan F. McRae and Peter M. Visscher and Jian Zeng and Jian Yang},
  title = {Genome-wide association analyses identify 143 risk variants and putative regulatory mechanisms for type 2 diabetes},
  journal = {Nature Communications}
}

@article{FALCONER1965,
  doi = {10.1111/j.1469-1809.1965.tb00500.x},
  url = {https://doi.org/10.1111/j.1469-1809.1965.tb00500.x},
  year = {1965},
  month = aug,
  publisher = {Wiley},
  volume = {29},
  number = {1},
  pages = {51--76},
  author = {D. S. FALCONER},
  title = {The inheritance of liability to certain diseases,  estimated from the incidence among relatives},
  journal = {Annals of Human Genetics}
}

@article{Sandin2017,
  doi = {10.1001/jama.2017.12141},
  url = {https://doi.org/10.1001/jama.2017.12141},
  year = {2017},
  month = sep,
  publisher = {American Medical Association ({AMA})},
  volume = {318},
  number = {12},
  pages = {1182},
  author = {Sven Sandin and Paul Lichtenstein and Ralf Kuja-Halkola and Christina Hultman and Henrik Larsson and Abraham Reichenberg},
  title = {The Heritability of Autism Spectrum Disorder},
  journal = {{JAMA}}
}

@article{Sanders2017,
  doi = {10.1038/s41598-017-15736-4},
  url = {https://doi.org/10.1038/s41598-017-15736-4},
  year = {2017},
  month = dec,
  publisher = {Springer Nature},
  volume = {7},
  number = {1},
  author = {Alan R. Sanders and   and Gary W. Beecham and Shengru Guo and Khytam Dawood and Gerulf Rieger and Judith A. Badner and Elliot S. Gershon and Ritesha S. Krishnappa and Alana B. Kolundzija and Jubao Duan and Pablo V. Gejman and J. Michael Bailey and Eden R. Martin},
  title = {Genome-Wide Association Study of Male Sexual Orientation},
  journal = {Scientific Reports}
}

@book{9780226360492,
    title = {Science as a Process},
    author = {David L. Hull},
    year = {2010},
    month = {12},
    day = {15},
    pagecount = {600},
    isbn = {9780226360492}
}

@article{Fisher1918,
  year = {1918},
  author = {R.A. Fisher},
  title = {The correlation between relatives on the supposition of mendelian inheritance},
  journal = {Trans. R. Soc. Edinb.}
}

@article{Stahl2012,
  doi = {10.1038/ng.2232},
  url = {https://doi.org/10.1038/ng.2232},
  year = {2012},
  month = mar,
  publisher = {Springer Science and Business Media {LLC}},
  volume = {44},
  number = {5},
  pages = {483--489},
  author = {Eli A Stahl and   and Daniel Wegmann and Gosia Trynka and Javier Gutierrez-Achury and Ron Do and Benjamin F Voight and Peter Kraft and Robert Chen and Henrik J Kallberg and Fina A S Kurreeman and Sekar Kathiresan and Cisca Wijmenga and Peter K Gregersen and Lars Alfredsson and Katherine A Siminovitch and Jane Worthington and Paul I W de Bakker and Soumya Raychaudhuri and Robert M Plenge and},
  title = {Bayesian inference analyses of the polygenic architecture of rheumatoid arthritis},
  journal = {Nature Genetics}
}

@article{Boyle2017,
  doi = {10.1016/j.cell.2017.05.038},
  url = {https://doi.org/10.1016/j.cell.2017.05.038},
  year = {2017},
  month = jun,
  publisher = {Elsevier {BV}},
  volume = {169},
  number = {7},
  pages = {1177--1186},
  author = {Evan A. Boyle and Yang I. Li and Jonathan K. Pritchard},
  title = {An Expanded View of Complex Traits: From Polygenic to Omnigenic},
  journal = {Cell}
}

@article{Bae2018,
  doi = {10.4093/dmj.2018.0194},
  url = {https://doi.org/10.4093/dmj.2018.0194},
  year = {2018},
  publisher = {Korean Diabetes Association ({KAMJE})},
  volume = {42},
  number = {5},
  pages = {377},
  author = {Ji Cheol Bae},
  title = {Trends of Diabetes Epidemic in Korea},
  journal = {Diabetes {\&} Metabolism Journal}
}

@article{Visscher2015,
  doi = {10.1159/000446931},
  url = {https://doi.org/10.1159/000446931},
  year = {2015},
  publisher = {S. Karger {AG}},
  volume = {80},
  number = {4},
  pages = {165--170},
  author = {Peter M. Visscher and Naomi R. Wray},
  title = {Concepts and Misconceptions about the Polygenic Additive Model Applied to Disease},
  journal = {Human Heredity}
}

@misc{ashg2018,
  author = {Wedow, R. and others},
  title = {Results from the largest genetic study of sexual orientation},
  howpublished = "\url{http://programme.exordo.com/bga18/delegates/presentation/16/?fbclid=IwAR3U00Lxu_qBcoufDoFRr8SRv2jhOnJQWRdHIBwWRUEnAwPIEGG_LJ8W5N4}",
  year = {2018}, 
  note = "[Online; accessed 28-July-2019]"
}
