@article{Yengo2018,
  doi = {10.1038/s41562-018-0476-3},
  url = {https://doi.org/10.1038/s41562-018-0476-3},
  year = {2018},
  month = nov,
  publisher = {Springer Nature},
  volume = {2},
  number = {12},
  pages = {948--954},
  author = {Loic Yengo and Matthew R. Robinson and Matthew C. Keller and Kathryn E. Kemper and Yuanhao Yang and Maciej Trzaskowski and Jacob Gratten and Patrick Turley and David Cesarini and Daniel J. Benjamin and Naomi R. Wray and Michael E. Goddard and Jian Yang and Peter M. Visscher},
  title = {Imprint of assortative mating on the human genome},
  journal = {Nature Human Behaviour}
}

@article{Haworth2019,
  doi = {10.1038/s41467-018-08219-1},
  url = {https://doi.org/10.1038/s41467-018-08219-1},
  year = {2019},
  month = jan,
  publisher = {Springer Nature},
  volume = {10},
  number = {1},
  author = {Simon Haworth and Ruth Mitchell and Laura Corbin and Kaitlin H. Wade and Tom Dudding and Ashley Budu-Aggrey and David Carslake and Gibran Hemani and Lavinia Paternoster and George Davey Smith and Neil Davies and Daniel J. Lawson and Nicholas J. Timpson},
  title = {Apparent latent structure within the {UK} Biobank sample has implications for epidemiological analysis},
  journal = {Nature Communications}
}