@article{Cesarini2017,
  doi = {10.1038/s41539-017-0005-6},
  url = {https://doi.org/10.1038/s41539-017-0005-6},
  year = {2017},
  month = feb,
  publisher = {Springer Nature},
  volume = {2},
  number = {1},
  author = {David Cesarini and Peter M. Visscher},
  title = {Genetics and educational attainment},
  journal = {npj Science of Learning}
}

@article{Morgan2018,
  doi = {10.1038/s41467-018-07691-z},
  url = {https://doi.org/10.1038/s41467-018-07691-z},
  year = {2018},
  month = dec,
  publisher = {Springer Nature},
  volume = {9},
  number = {1},
  author = {Michael D. Morgan and Erola Pairo-Castineira and Konrad Rawlik and Oriol Canela-Xandri and Jonathan Rees and David Sims and Albert Tenesa and Ian J. Jackson},
  title = {Genome-wide study of hair colour in {UK} Biobank explains most of the {SNP} heritability},
  journal = {Nature Communications}
}

@article{Kong2018,
  doi = {10.1126/science.aan6877},
  url = {https://doi.org/10.1126/science.aan6877},
  year = {2018},
  month = jan,
  publisher = {American Association for the Advancement of Science ({AAAS})},
  volume = {359},
  number = {6374},
  pages = {424--428},
  author = {Augustine Kong and Gudmar Thorleifsson and Michael L. Frigge and Bjarni J. Vilhjalmsson and Alexander I. Young and Thorgeir E. Thorgeirsson and Stefania Benonisdottir and Asmundur Oddsson and Bjarni V. Halldorsson and Gisli Masson and Daniel F. Gudbjartsson and Agnar Helgason and Gyda Bjornsdottir and Unnur Thorsteinsdottir and Kari Stefansson},
  title = {The nature of nurture: Effects of parental genotypes},
  journal = {Science}
}