@book{walterrudin1986,
 Author = {Walter Rudin},
 title = {Real and Complex Analysis (Higher Mathematics Series)},
 description = {Real and Complex Analysis (Higher Mathematics Series) (Book, 1986)},
 publisher = {McGraw-Hill Education},
 interhash = {86ce9c5d41800494bcb00ce7b6d20d62},
 intrahash = {c074de8f01c57157833a02922d4fe795},
 year = {1986},
 month = {may},
 isbn = {0070542341},
 url = {https://www.xarg.org/ref/a/0070542341/}
}

@book{rickdurrett2019,
 Author = {Rick Durrett},
 title = {Probability: Theory and Examples (Cambridge Series in Statistical and Probabilistic Mathematics)},
 description = {Probability: Theory and Examples (Cambridge Series in Statistical and Probabilistic Mathematics) (Book, 2019)},
 publisher = {Cambridge University Press},
 interhash = {4be61174473fd80ec481b2e74b864c86},
 intrahash = {0b2e59b7405cff53f3588ee6274c2b47},
 year = {2019},
 month = {may},
 isbn = {1108473687},
 url = {https://www.xarg.org/ref/a/1108473687/}
}

@book{rickdurrett2008,
 Author = {Richard Durrett},
 title = {Probability Models for DNA Sequence Evolution (Probability and Its Applications)},
 description = {Probability Models for DNA Sequence Evolution (Probability and Its Applications) (Book, 2008)},
 publisher = {Springer},
 interhash = {74b0c924e34a250ff0bdda338cd053e3},
 intrahash = {81e3f8acb0c36f7810e8fc5c71ad97e2},
 year = {2008},
 month = {aug},
 isbn = {9780387781686},
 url = {https://www.xarg.org/ref/a/0387781684/}
}

@article{BulikSullivan2015,
  doi = {10.1038/ng.3211},
  url = {https://doi.org/10.1038/ng.3211},
  year = {2015},
  month = feb,
  publisher = {Springer Science and Business Media {LLC}},
  volume = {47},
  number = {3},
  pages = {291--295},
  author = {Brendan K Bulik-Sullivan and   and Po-Ru Loh and Hilary K Finucane and Stephan Ripke and Jian Yang and Nick Patterson and Mark J Daly and Alkes L Price and Benjamin M Neale},
  title = {{LD} Score regression distinguishes confounding from polygenicity in genome-wide association studies},
  journal = {Nature Genetics}
}
