@book{0684844095,
    title = {The Nurture Assumption},
    author = {Judith Rich Harris},
    year = {1998},
    month = {01},
    day = {01},
    pagecount = {462},
    isbn = {9780684844091}
}

@article{Galton1886,
  doi = {10.2307/2841583},
  url = {https://doi.org/10.2307/2841583},
  year = {1886},
  publisher = {{JSTOR}},
  volume = {15},
  pages = {246},
  author = {Francis Galton},
  title = {Regression Towards Mediocrity in Hereditary Stature.},
  journal = {The Journal of the Anthropological Institute of Great Britain and Ireland}
}
