@article{Uyenoyama1980,
  doi = {10.1016/0040-5809(80)90033-7},
  url = {https://doi.org/10.1016/0040-5809(80)90033-7},
  year = {1980},
  month = jun,
  publisher = {Elsevier {BV}},
  volume = {17},
  number = {3},
  pages = {380--414},
  author = {M. Uyenoyama and M.W. Feldman},
  title = {Theories of kin and group selection: A population genetics perspective},
  journal = {Theoretical Population Biology}
}