@book{9781455737338,
  Author = {Leon Gordis},
  Title = {Epidemiology: with STUDENT CONSULT Online Access (Gordis, Epidemiology)},
  Publisher = {Saunders},
  Year = {2013},
  ISBN = {145573733X},
  URL = {https://www.amazon.com/Epidemiology-STUDENT-CONSULT-Online-Access/dp/145573733X?SubscriptionId=AKIAIOBINVZYXZQZ2U3A&tag=chimbori05-20&linkCode=xm2&camp=2025&creative=165953&creativeASIN=145573733X}
}