@book{benjaminneale2008,
 Author = {Benjamin Neale},
 title = {Statistical Genetics: Gene Mapping Through Linkage and Association},
 description = {Statistical Genetics: Gene Mapping Through Linkage and Association (Book, 2008)},
 publisher = {Taylor & Francis},
 interhash = {178ba605e9b4d023393d3841f05ff897},
 intrahash = {ef52194a64d7012e4157f048328e49a1},
 year = {2008},
 month = {jan},
 isbn = {0415410401},
 url = {https://www.xarg.org/ref/a/0415410401/}
}

@article{Strittmatter1993,
  doi = {10.1073/pnas.90.5.1977},
  url = {https://doi.org/10.1073/pnas.90.5.1977},
  year  = {1993},
  month = {mar},
  publisher = {Proceedings of the National Academy of Sciences},
  volume = {90},
  number = {5},
  pages = {1977--1981},
  author = {W. J. Strittmatter and A. M. Saunders and D. Schmechel and M. Pericak-Vance and J. Enghild and G. S. Salvesen and A. D. Roses},
  title = {Apolipoprotein E: high-avidity binding to beta-amyloid and increased frequency of type 4 allele in late-onset familial Alzheimer disease.},
  journal = {Proceedings of the National Academy of Sciences}
}

@article{Hirschhorn2002,
  doi = {10.1097/00125817-200203000-00002},
  url = {https://doi.org/10.1097/00125817-200203000-00002},
  year  = {2002},
  month = {apr},
  publisher = {Springer Nature},
  volume = {4},
  number = {2},
  pages = {45--61},
  author = {Joel N Hirschhorn and Kirk Lohmueller and Edward Byrne and Kurt Hirschhorn},
  title = {A comprehensive review of genetic association studies},
  journal = {Genetics in Medicine}
}

@article{Ioannidis2005,
  doi = {10.1371/journal.pmed.0020124},
  url = {https://doi.org/10.1371/journal.pmed.0020124},
  year  = {2005},
  month = {aug},
  publisher = {Public Library of Science ({PLoS})},
  volume = {2},
  number = {8},
  pages = {e124},
  author = {John P. A. Ioannidis},
  title = {Why Most Published Research Findings Are False},
  journal = {{PLoS} Medicine}
}

@article{Lohmueller2003,
  doi = {10.1038/ng1071},
  url = {https://doi.org/10.1038/ng1071},
  year  = {2003},
  month = {jan},
  publisher = {Springer Nature},
  volume = {33},
  number = {2},
  pages = {177--182},
  author = {Kirk E. Lohmueller and Celeste L. Pearce and Malcolm Pike and Eric S. Lander and Joel N. Hirschhorn},
  title = {Meta-analysis of genetic association studies supports a contribution of common variants to susceptibility to common disease},
  journal = {Nature Genetics}
}

@article{Berg2018,
  doi = {10.1101/354951},
  url = {https://doi.org/10.1101/354951},
  year  = {2018},
  month = {jun},
  publisher = {Cold Spring Harbor Laboratory},
  author = {Jeremy J Berg and Arbel Harpak and Nicholas Sinnott-Armstrong and Anja Moltke Joergensen and Hakhamanesh Mostafavi and Yair Field and Evan A Boyle and Xinjun Zhang and Fernando Racimo and Jonathan K Pritchard and Graham Coop},
  title = {Reduced signal for polygenic adaptation of height in {UK} Biobank}
}

@article{Perneger2017,
  doi = {10.1016/j.jclinepi.2017.04.003},
  url = {https://doi.org/10.1016/j.jclinepi.2017.04.003},
  year  = {2017},
  month = {jul},
  publisher = {Elsevier {BV}},
  volume = {87},
  pages = {70--77},
  author = {Thomas V. Perneger and Christophe Combescure},
  title = {The distribution of P -values in medical research articles suggested selective reporting associated with statistical significance},
  journal = {Journal of Clinical Epidemiology}
}

@article{Schimmack2012,
  doi = {10.1037/a0029487},
  url = {https://doi.org/10.1037/a0029487},
  year  = {2012},
  publisher = {American Psychological Association ({APA})},
  volume = {17},
  number = {4},
  pages = {551--566},
  author = {Ulrich Schimmack},
  title = {The ironic effect of significant results on the credibility of multiple-study articles.},
  journal = {Psychological Methods}
}

@article{Visscher2017,
  doi = {10.1016/j.ajhg.2017.06.005},
  url = {https://doi.org/10.1016/j.ajhg.2017.06.005},
  year  = {2017},
  month = {jul},
  publisher = {Elsevier {BV}},
  volume = {101},
  number = {1},
  pages = {5--22},
  author = {Peter M. Visscher and Naomi R. Wray and Qian Zhang and Pamela Sklar and Mark I. McCarthy and Matthew A. Brown and Jian Yang},
  title = {10 Years of {GWAS} Discovery: Biology,  Function,  and Translation},
  journal = {The American Journal of Human Genetics}
}

@article{Price2006,
  doi = {10.1038/ng1847},
  url = {https://doi.org/10.1038/ng1847},
  year  = {2006},
  month = {jul},
  publisher = {Springer Nature},
  volume = {38},
  number = {8},
  pages = {904--909},
  author = {Alkes L Price and Nick J Patterson and Robert M Plenge and Michael E Weinblatt and Nancy A Shadick and David Reich},
  title = {Principal components analysis corrects for stratification in genome-wide association studies},
  journal = {Nature Genetics}
}

@article{BulikSullivan2015,
  doi = {10.1038/ng.3211},
  url = {https://doi.org/10.1038/ng.3211},
  year  = {2015},
  month = {feb},
  publisher = {Springer Nature},
  volume = {47},
  number = {3},
  pages = {291--295},
  author = {Brendan K Bulik-Sullivan and   and Po-Ru Loh and Hilary K Finucane and Stephan Ripke and Jian Yang and Nick Patterson and Mark J Daly and Alkes L Price and Benjamin M Neale},
  title = {{LD} Score regression distinguishes confounding from polygenicity in genome-wide association studies},
  journal = {Nature Genetics}
}

@article{Sodeland2011,
  doi = {10.1186/1471-2164-12-33},
  url = {https://doi.org/10.1186/1471-2164-12-33},
  year  = {2011},
  month = {jan},
  publisher = {Springer Nature},
  volume = {12},
  number = {1},
  author = {Marte Sodeland and Matthew Kent and Ben J Hayes and Harald Grove and Sigbj{\o}rn Lien},
  title = {Recent and historical recombination in the admixed Norwegian Red cattle breed},
  journal = {{BMC} Genomics}
}

@article{Bycroft2018,
  doi = {10.1038/s41586-018-0579-z},
  url = {https://doi.org/10.1038/s41586-018-0579-z},
  year  = {2018},
  month = {oct},
  publisher = {Springer Nature},
  volume = {562},
  number = {7726},
  pages = {203--209},
  author = {Clare Bycroft and Colin Freeman and Desislava Petkova and Gavin Band and Lloyd T. Elliott and Kevin Sharp and Allan Motyer and Damjan Vukcevic and Olivier Delaneau and Jared O'Connell and Adrian Cortes and Samantha Welsh and Alan Young and Mark Effingham and Gil McVean and Stephen Leslie and Naomi Allen and Peter Donnelly and Jonathan Marchini},
  title = {The {UK} Biobank resource with deep phenotyping and genomic data},
  journal = {Nature}
}

@article{Patel2013,
  doi = {10.1093/ije/dyt208},
  url = {https://doi.org/10.1093/ije/dyt208},
  year  = {2013},
  month = {dec},
  publisher = {Oxford University Press ({OUP})},
  volume = {42},
  number = {6},
  pages = {1795--1810},
  author = {C. J. Patel and D. H. Rehkopf and J. T. Leppert and W. M. Bortz and M. R. Cullen and G. M. Chertow and J. P. Ioannidis},
  title = {Systematic evaluation of environmental and behavioural factors associated with all-cause mortality in the United States National Health and Nutrition Examination Survey},
  journal = {International Journal of Epidemiology}
}

@article{Buss1989,
  doi = {10.1017/s0140525x00023992},
  url = {https://doi.org/10.1017/s0140525x00023992},
  year  = {1989},
  month = {mar},
  publisher = {Cambridge University Press ({CUP})},
  volume = {12},
  number = {01},
  pages = {1},
  author = {David M. Buss},
  title = {Sex differences in human mate preferences: Evolutionary hypotheses tested in 37 cultures},
  journal = {Behavioral and Brain Sciences}
}

@article{Park2018,
  doi = {10.1123/jpah.2017-0428},
  url = {https://doi.org/10.1123/jpah.2017-0428},
  year  = {2018},
  month = {oct},
  publisher = {Human Kinetics},
  volume = {15},
  number = {10},
  pages = {763--773},
  author = {JooYong Park and Aesun Shin and Miyoung Lee and Jaesung Choi and Minkyo Song and Yeonjung Kim and Jong-koo Lee and Daehee Kang and Ji-Yeob Choi},
  title = {Prevalence of Participating in Physical Activity From 2 Korean Surveillance Systems: {KNHANES} and {KCHS}},
  journal = {Journal of Physical Activity and Health}
}

@article{Wang2016,
  doi = {10.1016/j.cmet.2016.08.014},
  url = {https://doi.org/10.1016/j.cmet.2016.08.014},
  year  = {2016},
  month = {oct},
  publisher = {Elsevier {BV}},
  volume = {24},
  number = {4},
  pages = {531--541},
  author = {Guanlin Wang and John~R. Speakman},
  title = {Analysis of Positive Selection at Single Nucleotide Polymorphisms Associated with Body Mass Index Does Not Support the {\textquotedblleft}Thrifty Gene{\textquotedblright} Hypothesis},
  journal = {Cell Metabolism}
}